@misc{security_breaches_survey,
	title={{Cyber Security Breaches Survey 2017}},
	author={{Department for Culture, Media \& Sport}},
	month={Apr.},
	year={2017}
}
@misc{mcafee_2018,
	title={{McAfee Labs 2018 Threats Predictions Report}},
	year={2017},
	month={Nov.},
	author={{McAfee Labs}}
}