@article{reputation_systems,
 author = {Resnick, Paul and Kuwabara, Ko and Zeckhauser, Richard and Friedman, Eric},
 title = {Reputation Systems},
 journal = {Communications of the ACM},
 volume = {43},
 number = {12},
 month = {Dec.},
 year = {2000},
 issn = {0001-0782},
 pages = {45--48},
 numpages = {4},
 url = {http://doi.acm.org/10.1145/355112.355122},
 doi = {10.1145/355112.355122},
 acmid = {355122},
 publisher = {ACM},
 address = {New York, NY, USA},
}


@article{attack_defense,
 author = {Hoffman, Kevin and Zage, David and Nita-Rotaru, Cristina},
 title = {A Survey of Attack and Defense Techniques for Reputation Systems},
 journal = {ACM Comput. Surv.},
 issue_date = {December 2009},
 volume = {42},
 number = {1},
 month = dec,
 year = {2009},
 issn = {0360-0300},
 pages = {1:1--1:31},
 articleno = {1},
 numpages = {31},
 url = {http://doi.acm.org/10.1145/1592451.1592452},
 doi = {10.1145/1592451.1592452},
 acmid = {1592452},
 publisher = {ACM},
 address = {New York, NY, USA},
 keywords = {Reputation, attack mitigation, attacks, collusion, defense techniques, incentives, peer-to-peer, trust},
} 

@article{survey_and_taxonomy,
title = "Reputation systems: A survey and taxonomy",
journal = "Journal of Parallel and Distributed Computing",
volume = "75",
pages = "184 - 197",
year = "2015",
issn = "0743-7315",
doi = "https://doi.org/10.1016/j.jpdc.2014.08.004",
url = "http://www.sciencedirect.com/science/article/pii/S0743731514001464",
author = "Ferry Hendrikx and Kris Bubendorfer and Ryan Chard",
keywords = "Reputation system, Survey, Taxonomy, Feedback"
}